%YAML 1.1
%TAG !u! tag:unity3d.com,2011:
--- !u!1 &2352527093616120353
GameObject:
  m_ObjectHideFlags: 0
  m_CorrespondingSourceObject: {fileID: 0}
  m_PrefabInstance: {fileID: 0}
  m_PrefabAsset: {fileID: 0}
  serializedVersion: 6
  m_Component:
  - component: {fileID: 2352527093616120354}
  m_Layer: 0
  m_Name: Neighbor's House 07
  m_TagString: Untagged
  m_Icon: {fileID: 0}
  m_NavMeshLayer: 0
  m_StaticEditorFlags: 0
  m_IsActive: 1
--- !u!4 &2352527093616120354
Transform:
  m_ObjectHideFlags: 0
  m_CorrespondingSourceObject: {fileID: 0}
  m_PrefabInstance: {fileID: 0}
  m_PrefabAsset: {fileID: 0}
  m_GameObject: {fileID: 2352527093616120353}
  m_LocalRotation: {x: 0, y: 0, z: 0, w: 1}
  m_LocalPosition: {x: 0, y: 0, z: 0}
  m_LocalScale: {x: 1, y: 1, z: 1}
  m_Children:
  - {fileID: 7332366469217973062}
  - {fileID: 594405154645429596}
  - {fileID: 4857218440947700533}
  - {fileID: 4635233726455427071}
  - {fileID: 7686900245378478508}
  - {fileID: 4857218439729227201}
  - {fileID: 594405154688130546}
  - {fileID: 1992922846397414752}
  - {fileID: 9134989038106426967}
  - {fileID: 4077711101161775057}
  - {fileID: 5353814886255529178}
  - {fileID: 4996469968090599956}
  - {fileID: 7332366469131562914}
  - {fileID: 7332366470902868987}
  m_Father: {fileID: 0}
  m_RootOrder: 0
  m_LocalEulerAnglesHint: {x: 0, y: 0, z: 0}
--- !u!1001 &2352527091842299932
PrefabInstance:
  m_ObjectHideFlags: 0
  serializedVersion: 2
  m_Modification:
    m_TransformParent: {fileID: 2352527093616120354}
    m_Modifications:
    - target: {fileID: 35534840504574558, guid: 7aceff6e4905d9d4cbedbea9f13507ac,
        type: 3}
      propertyPath: m_Name
      value: PRF_Window03 Red Variant
      objectReference: {fileID: 0}
    - target: {fileID: 7191567469020421597, guid: 7aceff6e4905d9d4cbedbea9f13507ac,
        type: 3}
      propertyPath: m_LocalPosition.x
      value: -1.273659
      objectReference: {fileID: 0}
    - target: {fileID: 7191567469020421597, guid: 7aceff6e4905d9d4cbedbea9f13507ac,
        type: 3}
      propertyPath: m_LocalPosition.y
      value: 3.6550915
      objectReference: {fileID: 0}
    - target: {fileID: 7191567469020421597, guid: 7aceff6e4905d9d4cbedbea9f13507ac,
        type: 3}
      propertyPath: m_LocalPosition.z
      value: 3.271
      objectReference: {fileID: 0}
    - target: {fileID: 7191567469020421597, guid: 7aceff6e4905d9d4cbedbea9f13507ac,
        type: 3}
      propertyPath: m_LocalRotation.x
      value: -0.7071068
      objectReference: {fileID: 0}
    - target: {fileID: 7191567469020421597, guid: 7aceff6e4905d9d4cbedbea9f13507ac,
        type: 3}
      propertyPath: m_LocalRotation.y
      value: -0
      objectReference: {fileID: 0}
    - target: {fileID: 7191567469020421597, guid: 7aceff6e4905d9d4cbedbea9f13507ac,
        type: 3}
      propertyPath: m_LocalRotation.z
      value: -0
      objectReference: {fileID: 0}
    - target: {fileID: 7191567469020421597, guid: 7aceff6e4905d9d4cbedbea9f13507ac,
        type: 3}
      propertyPath: m_LocalRotation.w
      value: 0.7071067
      objectReference: {fileID: 0}
    - target: {fileID: 7191567469020421597, guid: 7aceff6e4905d9d4cbedbea9f13507ac,
        type: 3}
      propertyPath: m_RootOrder
      value: 5
      objectReference: {fileID: 0}
    - target: {fileID: 7191567469020421597, guid: 7aceff6e4905d9d4cbedbea9f13507ac,
        type: 3}
      propertyPath: m_LocalEulerAnglesHint.x
      value: 0
      objectReference: {fileID: 0}
    - target: {fileID: 7191567469020421597, guid: 7aceff6e4905d9d4cbedbea9f13507ac,
        type: 3}
      propertyPath: m_LocalEulerAnglesHint.y
      value: 0
      objectReference: {fileID: 0}
    - target: {fileID: 7191567469020421597, guid: 7aceff6e4905d9d4cbedbea9f13507ac,
        type: 3}
      propertyPath: m_LocalEulerAnglesHint.z
      value: 0
      objectReference: {fileID: 0}
    - target: {fileID: 7191567469020421597, guid: 7aceff6e4905d9d4cbedbea9f13507ac,
        type: 3}
      propertyPath: m_LocalScale.y
      value: 99.99994
      objectReference: {fileID: 0}
    - target: {fileID: 7191567469020421597, guid: 7aceff6e4905d9d4cbedbea9f13507ac,
        type: 3}
      propertyPath: m_LocalScale.z
      value: 99.99994
      objectReference: {fileID: 0}
    m_RemovedComponents: []
  m_SourcePrefab: {fileID: 100100000, guid: 7aceff6e4905d9d4cbedbea9f13507ac, type: 3}
--- !u!4 &4857218439729227201 stripped
Transform:
  m_CorrespondingSourceObject: {fileID: 7191567469020421597, guid: 7aceff6e4905d9d4cbedbea9f13507ac,
    type: 3}
  m_PrefabInstance: {fileID: 2352527091842299932}
  m_PrefabAsset: {fileID: 0}
--- !u!1001 &2352527091902548446
PrefabInstance:
  m_ObjectHideFlags: 0
  serializedVersion: 2
  m_Modification:
    m_TransformParent: {fileID: 2352527093616120354}
    m_Modifications:
    - target: {fileID: 4142665998792979969, guid: bf9776d4497bbe643a2fe66e7abba920,
        type: 3}
      propertyPath: m_Name
      value: PRF_Window02 Red Variant (1)
      objectReference: {fileID: 0}
    - target: {fileID: 5000146336573809189, guid: bf9776d4497bbe643a2fe66e7abba920,
        type: 3}
      propertyPath: m_LocalPosition.x
      value: -1.9687774
      objectReference: {fileID: 0}
    - target: {fileID: 5000146336573809189, guid: bf9776d4497bbe643a2fe66e7abba920,
        type: 3}
      propertyPath: m_LocalPosition.y
      value: 1.150464
      objectReference: {fileID: 0}
    - target: {fileID: 5000146336573809189, guid: bf9776d4497bbe643a2fe66e7abba920,
        type: 3}
      propertyPath: m_LocalPosition.z
      value: 3.2599998
      objectReference: {fileID: 0}
    - target: {fileID: 5000146336573809189, guid: bf9776d4497bbe643a2fe66e7abba920,
        type: 3}
      propertyPath: m_LocalRotation.x
      value: -0.00000032401442
      objectReference: {fileID: 0}
    - target: {fileID: 5000146336573809189, guid: bf9776d4497bbe643a2fe66e7abba920,
        type: 3}
      propertyPath: m_LocalRotation.y
      value: -0.7071068
      objectReference: {fileID: 0}
    - target: {fileID: 5000146336573809189, guid: bf9776d4497bbe643a2fe66e7abba920,
        type: 3}
      propertyPath: m_LocalRotation.z
      value: -0.70710677
      objectReference: {fileID: 0}
    - target: {fileID: 5000146336573809189, guid: bf9776d4497bbe643a2fe66e7abba920,
        type: 3}
      propertyPath: m_LocalRotation.w
      value: 0.00000035017726
      objectReference: {fileID: 0}
    - target: {fileID: 5000146336573809189, guid: bf9776d4497bbe643a2fe66e7abba920,
        type: 3}
      propertyPath: m_RootOrder
      value: 13
      objectReference: {fileID: 0}
    - target: {fileID: 5000146336573809189, guid: bf9776d4497bbe643a2fe66e7abba920,
        type: 3}
      propertyPath: m_LocalEulerAnglesHint.x
      value: -90.00001
      objectReference: {fileID: 0}
    - target: {fileID: 5000146336573809189, guid: bf9776d4497bbe643a2fe66e7abba920,
        type: 3}
      propertyPath: m_LocalEulerAnglesHint.y
      value: 0
      objectReference: {fileID: 0}
    - target: {fileID: 5000146336573809189, guid: bf9776d4497bbe643a2fe66e7abba920,
        type: 3}
      propertyPath: m_LocalEulerAnglesHint.z
      value: -180.00002
      objectReference: {fileID: 0}
    - target: {fileID: 5000146336573809189, guid: bf9776d4497bbe643a2fe66e7abba920,
        type: 3}
      propertyPath: m_LocalScale.x
      value: 120.4
      objectReference: {fileID: 0}
    - target: {fileID: 5000146336573809189, guid: bf9776d4497bbe643a2fe66e7abba920,
        type: 3}
      propertyPath: m_LocalScale.z
      value: 124.63996
      objectReference: {fileID: 0}
    m_RemovedComponents: []
  m_SourcePrefab: {fileID: 100100000, guid: bf9776d4497bbe643a2fe66e7abba920, type: 3}
--- !u!4 &7332366470902868987 stripped
Transform:
  m_CorrespondingSourceObject: {fileID: 5000146336573809189, guid: bf9776d4497bbe643a2fe66e7abba920,
    type: 3}
  m_PrefabInstance: {fileID: 2352527091902548446}
  m_PrefabAsset: {fileID: 0}
--- !u!1001 &2352527092043645681
PrefabInstance:
  m_ObjectHideFlags: 0
  serializedVersion: 2
  m_Modification:
    m_TransformParent: {fileID: 2352527093616120354}
    m_Modifications:
    - target: {fileID: 8577197054790952249, guid: ec2f5821c57d0b3469442c77d4de4679,
        type: 3}
      propertyPath: m_Name
      value: PRF_DoorOpen Red Variant
      objectReference: {fileID: 0}
    - target: {fileID: 6986897667376262414, guid: ec2f5821c57d0b3469442c77d4de4679,
        type: 3}
      propertyPath: m_LocalPosition.x
      value: -0.823659
      objectReference: {fileID: 0}
    - target: {fileID: 6986897667376262414, guid: ec2f5821c57d0b3469442c77d4de4679,
        type: 3}
      propertyPath: m_LocalPosition.y
      value: 6.23
      objectReference: {fileID: 0}
    - target: {fileID: 6986897667376262414, guid: ec2f5821c57d0b3469442c77d4de4679,
        type: 3}
      propertyPath: m_LocalPosition.z
      value: 3.0429997
      objectReference: {fileID: 0}
    - target: {fileID: 6986897667376262414, guid: ec2f5821c57d0b3469442c77d4de4679,
        type: 3}
      propertyPath: m_LocalRotation.x
      value: -0.7071068
      objectReference: {fileID: 0}
    - target: {fileID: 6986897667376262414, guid: ec2f5821c57d0b3469442c77d4de4679,
        type: 3}
      propertyPath: m_LocalRotation.y
      value: -0
      objectReference: {fileID: 0}
    - target: {fileID: 6986897667376262414, guid: ec2f5821c57d0b3469442c77d4de4679,
        type: 3}
      propertyPath: m_LocalRotation.z
      value: -0
      objectReference: {fileID: 0}
    - target: {fileID: 6986897667376262414, guid: ec2f5821c57d0b3469442c77d4de4679,
        type: 3}
      propertyPath: m_LocalRotation.w
      value: 0.7071067
      objectReference: {fileID: 0}
    - target: {fileID: 6986897667376262414, guid: ec2f5821c57d0b3469442c77d4de4679,
        type: 3}
      propertyPath: m_RootOrder
      value: 3
      objectReference: {fileID: 0}
    - target: {fileID: 6986897667376262414, guid: ec2f5821c57d0b3469442c77d4de4679,
        type: 3}
      propertyPath: m_LocalEulerAnglesHint.x
      value: 0
      objectReference: {fileID: 0}
    - target: {fileID: 6986897667376262414, guid: ec2f5821c57d0b3469442c77d4de4679,
        type: 3}
      propertyPath: m_LocalEulerAnglesHint.y
      value: 0
      objectReference: {fileID: 0}
    - target: {fileID: 6986897667376262414, guid: ec2f5821c57d0b3469442c77d4de4679,
        type: 3}
      propertyPath: m_LocalEulerAnglesHint.z
      value: 0
      objectReference: {fileID: 0}
    - target: {fileID: 6986897667376262414, guid: ec2f5821c57d0b3469442c77d4de4679,
        type: 3}
      propertyPath: m_LocalScale.y
      value: 99.99994
      objectReference: {fileID: 0}
    - target: {fileID: 6986897667376262414, guid: ec2f5821c57d0b3469442c77d4de4679,
        type: 3}
      propertyPath: m_LocalScale.z
      value: 99.99994
      objectReference: {fileID: 0}
    m_RemovedComponents: []
  m_SourcePrefab: {fileID: 100100000, guid: ec2f5821c57d0b3469442c77d4de4679, type: 3}
--- !u!4 &4635233726455427071 stripped
Transform:
  m_CorrespondingSourceObject: {fileID: 6986897667376262414, guid: ec2f5821c57d0b3469442c77d4de4679,
    type: 3}
  m_PrefabInstance: {fileID: 2352527092043645681}
  m_PrefabAsset: {fileID: 0}
--- !u!1001 &2352527092483395435
PrefabInstance:
  m_ObjectHideFlags: 0
  serializedVersion: 2
  m_Modification:
    m_TransformParent: {fileID: 2352527093616120354}
    m_Modifications:
    - target: {fileID: 7703768527735423921, guid: 7e26b7cf34506bc4c8494fa5b2c69ca9,
        type: 3}
      propertyPath: m_LocalPosition.x
      value: -1.273659
      objectReference: {fileID: 0}
    - target: {fileID: 7703768527735423921, guid: 7e26b7cf34506bc4c8494fa5b2c69ca9,
        type: 3}
      propertyPath: m_LocalPosition.y
      value: 0
      objectReference: {fileID: 0}
    - target: {fileID: 7703768527735423921, guid: 7e26b7cf34506bc4c8494fa5b2c69ca9,
        type: 3}
      propertyPath: m_LocalPosition.z
      value: 0.69299996
      objectReference: {fileID: 0}
    - target: {fileID: 7703768527735423921, guid: 7e26b7cf34506bc4c8494fa5b2c69ca9,
        type: 3}
      propertyPath: m_LocalRotation.x
      value: -0.49991274
      objectReference: {fileID: 0}
    - target: {fileID: 7703768527735423921, guid: 7e26b7cf34506bc4c8494fa5b2c69ca9,
        type: 3}
      propertyPath: m_LocalRotation.y
      value: 0.50008726
      objectReference: {fileID: 0}
    - target: {fileID: 7703768527735423921, guid: 7e26b7cf34506bc4c8494fa5b2c69ca9,
        type: 3}
      propertyPath: m_LocalRotation.z
      value: 0.49991274
      objectReference: {fileID: 0}
    - target: {fileID: 7703768527735423921, guid: 7e26b7cf34506bc4c8494fa5b2c69ca9,
        type: 3}
      propertyPath: m_LocalRotation.w
      value: 0.50008726
      objectReference: {fileID: 0}
    - target: {fileID: 7703768527735423921, guid: 7e26b7cf34506bc4c8494fa5b2c69ca9,
        type: 3}
      propertyPath: m_RootOrder
      value: 10
      objectReference: {fileID: 0}
    - target: {fileID: 7703768527735423921, guid: 7e26b7cf34506bc4c8494fa5b2c69ca9,
        type: 3}
      propertyPath: m_LocalEulerAnglesHint.x
      value: -89.98
      objectReference: {fileID: 0}
    - target: {fileID: 7703768527735423921, guid: 7e26b7cf34506bc4c8494fa5b2c69ca9,
        type: 3}
      propertyPath: m_LocalEulerAnglesHint.y
      value: 90
      objectReference: {fileID: 0}
    - target: {fileID: 7703768527735423921, guid: 7e26b7cf34506bc4c8494fa5b2c69ca9,
        type: 3}
      propertyPath: m_LocalEulerAnglesHint.z
      value: 0
      objectReference: {fileID: 0}
    - target: {fileID: 7703768527735423920, guid: 7e26b7cf34506bc4c8494fa5b2c69ca9,
        type: 3}
      propertyPath: m_Name
      value: MDL_Module02 Pink Variant
      objectReference: {fileID: 0}
    - target: {fileID: 7703768527735423922, guid: 7e26b7cf34506bc4c8494fa5b2c69ca9,
        type: 3}
      propertyPath: m_Materials.Array.data[1]
      value: 
      objectReference: {fileID: 2100000, guid: 2aac454a038ac584e91c7b17678da687, type: 2}
    m_RemovedComponents: []
  m_SourcePrefab: {fileID: 100100000, guid: 7e26b7cf34506bc4c8494fa5b2c69ca9, type: 3}
--- !u!4 &5353814886255529178 stripped
Transform:
  m_CorrespondingSourceObject: {fileID: 7703768527735423921, guid: 7e26b7cf34506bc4c8494fa5b2c69ca9,
    type: 3}
  m_PrefabInstance: {fileID: 2352527092483395435}
  m_PrefabAsset: {fileID: 0}
--- !u!1001 &2352527092639313085
PrefabInstance:
  m_ObjectHideFlags: 0
  serializedVersion: 2
  m_Modification:
    m_TransformParent: {fileID: 2352527093616120354}
    m_Modifications:
    - target: {fileID: 282659214307874334, guid: 3a7727cbd6f87ec40bd697eb51463568,
        type: 3}
      propertyPath: m_Name
      value: PRF_Window01 Red Variant (1)
      objectReference: {fileID: 0}
    - target: {fileID: 2925680300781658593, guid: 3a7727cbd6f87ec40bd697eb51463568,
        type: 3}
      propertyPath: m_LocalPosition.x
      value: 2.3866208
      objectReference: {fileID: 0}
    - target: {fileID: 2925680300781658593, guid: 3a7727cbd6f87ec40bd697eb51463568,
        type: 3}
      propertyPath: m_LocalPosition.y
      value: 4.648031
      objectReference: {fileID: 0}
    - target: {fileID: 2925680300781658593, guid: 3a7727cbd6f87ec40bd697eb51463568,
        type: 3}
      propertyPath: m_LocalPosition.z
      value: 0.40339997
      objectReference: {fileID: 0}
    - target: {fileID: 2925680300781658593, guid: 3a7727cbd6f87ec40bd697eb51463568,
        type: 3}
      propertyPath: m_LocalRotation.x
      value: -0.7071068
      objectReference: {fileID: 0}
    - target: {fileID: 2925680300781658593, guid: 3a7727cbd6f87ec40bd697eb51463568,
        type: 3}
      propertyPath: m_LocalRotation.y
      value: -0
      objectReference: {fileID: 0}
    - target: {fileID: 2925680300781658593, guid: 3a7727cbd6f87ec40bd697eb51463568,
        type: 3}
      propertyPath: m_LocalRotation.z
      value: -0
      objectReference: {fileID: 0}
    - target: {fileID: 2925680300781658593, guid: 3a7727cbd6f87ec40bd697eb51463568,
        type: 3}
      propertyPath: m_LocalRotation.w
      value: 0.7071067
      objectReference: {fileID: 0}
    - target: {fileID: 2925680300781658593, guid: 3a7727cbd6f87ec40bd697eb51463568,
        type: 3}
      propertyPath: m_RootOrder
      value: 1
      objectReference: {fileID: 0}
    - target: {fileID: 2925680300781658593, guid: 3a7727cbd6f87ec40bd697eb51463568,
        type: 3}
      propertyPath: m_LocalEulerAnglesHint.x
      value: 0
      objectReference: {fileID: 0}
    - target: {fileID: 2925680300781658593, guid: 3a7727cbd6f87ec40bd697eb51463568,
        type: 3}
      propertyPath: m_LocalEulerAnglesHint.y
      value: 0
      objectReference: {fileID: 0}
    - target: {fileID: 2925680300781658593, guid: 3a7727cbd6f87ec40bd697eb51463568,
        type: 3}
      propertyPath: m_LocalEulerAnglesHint.z
      value: 0
      objectReference: {fileID: 0}
    - target: {fileID: 2925680300781658593, guid: 3a7727cbd6f87ec40bd697eb51463568,
        type: 3}
      propertyPath: m_LocalScale.x
      value: 103.39895
      objectReference: {fileID: 0}
    - target: {fileID: 2925680300781658593, guid: 3a7727cbd6f87ec40bd697eb51463568,
        type: 3}
      propertyPath: m_LocalScale.z
      value: 106.82626
      objectReference: {fileID: 0}
    - target: {fileID: 2925680300781658593, guid: 3a7727cbd6f87ec40bd697eb51463568,
        type: 3}
      propertyPath: m_LocalScale.y
      value: 99.99988
      objectReference: {fileID: 0}
    m_RemovedComponents: []
  m_SourcePrefab: {fileID: 100100000, guid: 3a7727cbd6f87ec40bd697eb51463568, type: 3}
--- !u!4 &594405154645429596 stripped
Transform:
  m_CorrespondingSourceObject: {fileID: 2925680300781658593, guid: 3a7727cbd6f87ec40bd697eb51463568,
    type: 3}
  m_PrefabInstance: {fileID: 2352527092639313085}
  m_PrefabAsset: {fileID: 0}
--- !u!1001 &2352527093006852783
PrefabInstance:
  m_ObjectHideFlags: 0
  serializedVersion: 2
  m_Modification:
    m_TransformParent: {fileID: 2352527093616120354}
    m_Modifications:
    - target: {fileID: 3078159607312863359, guid: 0be10e7dab9ee4347b1c218b029d20b0,
        type: 3}
      propertyPath: m_Name
      value: PRF_Balcony Red Variant
      objectReference: {fileID: 0}
    - target: {fileID: 5334656585920828163, guid: 0be10e7dab9ee4347b1c218b029d20b0,
        type: 3}
      propertyPath: m_LocalPosition.x
      value: -0.823659
      objectReference: {fileID: 0}
    - target: {fileID: 5334656585920828163, guid: 0be10e7dab9ee4347b1c218b029d20b0,
        type: 3}
      propertyPath: m_LocalPosition.y
      value: 5.98
      objectReference: {fileID: 0}
    - target: {fileID: 5334656585920828163, guid: 0be10e7dab9ee4347b1c218b029d20b0,
        type: 3}
      propertyPath: m_LocalPosition.z
      value: 2.783
      objectReference: {fileID: 0}
    - target: {fileID: 5334656585920828163, guid: 0be10e7dab9ee4347b1c218b029d20b0,
        type: 3}
      propertyPath: m_LocalRotation.x
      value: -0.7071068
      objectReference: {fileID: 0}
    - target: {fileID: 5334656585920828163, guid: 0be10e7dab9ee4347b1c218b029d20b0,
        type: 3}
      propertyPath: m_LocalRotation.y
      value: -0
      objectReference: {fileID: 0}
    - target: {fileID: 5334656585920828163, guid: 0be10e7dab9ee4347b1c218b029d20b0,
        type: 3}
      propertyPath: m_LocalRotation.z
      value: -0
      objectReference: {fileID: 0}
    - target: {fileID: 5334656585920828163, guid: 0be10e7dab9ee4347b1c218b029d20b0,
        type: 3}
      propertyPath: m_LocalRotation.w
      value: 0.7071067
      objectReference: {fileID: 0}
    - target: {fileID: 5334656585920828163, guid: 0be10e7dab9ee4347b1c218b029d20b0,
        type: 3}
      propertyPath: m_RootOrder
      value: 4
      objectReference: {fileID: 0}
    - target: {fileID: 5334656585920828163, guid: 0be10e7dab9ee4347b1c218b029d20b0,
        type: 3}
      propertyPath: m_LocalEulerAnglesHint.x
      value: 0
      objectReference: {fileID: 0}
    - target: {fileID: 5334656585920828163, guid: 0be10e7dab9ee4347b1c218b029d20b0,
        type: 3}
      propertyPath: m_LocalEulerAnglesHint.y
      value: 0
      objectReference: {fileID: 0}
    - target: {fileID: 5334656585920828163, guid: 0be10e7dab9ee4347b1c218b029d20b0,
        type: 3}
      propertyPath: m_LocalEulerAnglesHint.z
      value: 0
      objectReference: {fileID: 0}
    - target: {fileID: 5334656585920828163, guid: 0be10e7dab9ee4347b1c218b029d20b0,
        type: 3}
      propertyPath: m_LocalScale.y
      value: 99.99994
      objectReference: {fileID: 0}
    - target: {fileID: 5334656585920828163, guid: 0be10e7dab9ee4347b1c218b029d20b0,
        type: 3}
      propertyPath: m_LocalScale.z
      value: 99.99994
      objectReference: {fileID: 0}
    m_RemovedComponents: []
  m_SourcePrefab: {fileID: 100100000, guid: 0be10e7dab9ee4347b1c218b029d20b0, type: 3}
--- !u!4 &7686900245378478508 stripped
Transform:
  m_CorrespondingSourceObject: {fileID: 5334656585920828163, guid: 0be10e7dab9ee4347b1c218b029d20b0,
    type: 3}
  m_PrefabInstance: {fileID: 2352527093006852783}
  m_PrefabAsset: {fileID: 0}
--- !u!1001 &2352527093022953192
PrefabInstance:
  m_ObjectHideFlags: 0
  serializedVersion: 2
  m_Modification:
    m_TransformParent: {fileID: 2352527093616120354}
    m_Modifications:
    - target: {fileID: 35534840504574558, guid: 7aceff6e4905d9d4cbedbea9f13507ac,
        type: 3}
      propertyPath: m_Name
      value: PRF_Window03 Red Variant (1)
      objectReference: {fileID: 0}
    - target: {fileID: 7191567469020421597, guid: 7aceff6e4905d9d4cbedbea9f13507ac,
        type: 3}
      propertyPath: m_LocalPosition.x
      value: 5.756341
      objectReference: {fileID: 0}
    - target: {fileID: 7191567469020421597, guid: 7aceff6e4905d9d4cbedbea9f13507ac,
        type: 3}
      propertyPath: m_LocalPosition.y
      value: 5.78
      objectReference: {fileID: 0}
    - target: {fileID: 7191567469020421597, guid: 7aceff6e4905d9d4cbedbea9f13507ac,
        type: 3}
      propertyPath: m_LocalPosition.z
      value: -0.8970001
      objectReference: {fileID: 0}
    - target: {fileID: 7191567469020421597, guid: 7aceff6e4905d9d4cbedbea9f13507ac,
        type: 3}
      propertyPath: m_LocalRotation.x
      value: -0.49991274
      objectReference: {fileID: 0}
    - target: {fileID: 7191567469020421597, guid: 7aceff6e4905d9d4cbedbea9f13507ac,
        type: 3}
      propertyPath: m_LocalRotation.y
      value: 0.50008726
      objectReference: {fileID: 0}
    - target: {fileID: 7191567469020421597, guid: 7aceff6e4905d9d4cbedbea9f13507ac,
        type: 3}
      propertyPath: m_LocalRotation.z
      value: 0.49991274
      objectReference: {fileID: 0}
    - target: {fileID: 7191567469020421597, guid: 7aceff6e4905d9d4cbedbea9f13507ac,
        type: 3}
      propertyPath: m_LocalRotation.w
      value: 0.50008726
      objectReference: {fileID: 0}
    - target: {fileID: 7191567469020421597, guid: 7aceff6e4905d9d4cbedbea9f13507ac,
        type: 3}
      propertyPath: m_RootOrder
      value: 2
      objectReference: {fileID: 0}
    - target: {fileID: 7191567469020421597, guid: 7aceff6e4905d9d4cbedbea9f13507ac,
        type: 3}
      propertyPath: m_LocalEulerAnglesHint.x
      value: -89.98
      objectReference: {fileID: 0}
    - target: {fileID: 7191567469020421597, guid: 7aceff6e4905d9d4cbedbea9f13507ac,
        type: 3}
      propertyPath: m_LocalEulerAnglesHint.y
      value: 90
      objectReference: {fileID: 0}
    - target: {fileID: 7191567469020421597, guid: 7aceff6e4905d9d4cbedbea9f13507ac,
        type: 3}
      propertyPath: m_LocalEulerAnglesHint.z
      value: 0
      objectReference: {fileID: 0}
    m_RemovedComponents: []
  m_SourcePrefab: {fileID: 100100000, guid: 7aceff6e4905d9d4cbedbea9f13507ac, type: 3}
--- !u!4 &4857218440947700533 stripped
Transform:
  m_CorrespondingSourceObject: {fileID: 7191567469020421597, guid: 7aceff6e4905d9d4cbedbea9f13507ac,
    type: 3}
  m_PrefabInstance: {fileID: 2352527093022953192}
  m_PrefabAsset: {fileID: 0}
--- !u!1001 &2352527093149613075
PrefabInstance:
  m_ObjectHideFlags: 0
  serializedVersion: 2
  m_Modification:
    m_TransformParent: {fileID: 2352527093616120354}
    m_Modifications:
    - target: {fileID: 282659214307874334, guid: 3a7727cbd6f87ec40bd697eb51463568,
        type: 3}
      propertyPath: m_Name
      value: PRF_Window01 Red Variant
      objectReference: {fileID: 0}
    - target: {fileID: 2925680300781658593, guid: 3a7727cbd6f87ec40bd697eb51463568,
        type: 3}
      propertyPath: m_LocalPosition.x
      value: 2.6266093
      objectReference: {fileID: 0}
    - target: {fileID: 2925680300781658593, guid: 3a7727cbd6f87ec40bd697eb51463568,
        type: 3}
      propertyPath: m_LocalPosition.y
      value: 1.22
      objectReference: {fileID: 0}
    - target: {fileID: 2925680300781658593, guid: 3a7727cbd6f87ec40bd697eb51463568,
        type: 3}
      propertyPath: m_LocalPosition.z
      value: 0.96699995
      objectReference: {fileID: 0}
    - target: {fileID: 2925680300781658593, guid: 3a7727cbd6f87ec40bd697eb51463568,
        type: 3}
      propertyPath: m_LocalRotation.x
      value: -0.7071068
      objectReference: {fileID: 0}
    - target: {fileID: 2925680300781658593, guid: 3a7727cbd6f87ec40bd697eb51463568,
        type: 3}
      propertyPath: m_LocalRotation.y
      value: -0
      objectReference: {fileID: 0}
    - target: {fileID: 2925680300781658593, guid: 3a7727cbd6f87ec40bd697eb51463568,
        type: 3}
      propertyPath: m_LocalRotation.z
      value: -0
      objectReference: {fileID: 0}
    - target: {fileID: 2925680300781658593, guid: 3a7727cbd6f87ec40bd697eb51463568,
        type: 3}
      propertyPath: m_LocalRotation.w
      value: 0.7071067
      objectReference: {fileID: 0}
    - target: {fileID: 2925680300781658593, guid: 3a7727cbd6f87ec40bd697eb51463568,
        type: 3}
      propertyPath: m_RootOrder
      value: 6
      objectReference: {fileID: 0}
    - target: {fileID: 2925680300781658593, guid: 3a7727cbd6f87ec40bd697eb51463568,
        type: 3}
      propertyPath: m_LocalEulerAnglesHint.x
      value: 0
      objectReference: {fileID: 0}
    - target: {fileID: 2925680300781658593, guid: 3a7727cbd6f87ec40bd697eb51463568,
        type: 3}
      propertyPath: m_LocalEulerAnglesHint.y
      value: 0
      objectReference: {fileID: 0}
    - target: {fileID: 2925680300781658593, guid: 3a7727cbd6f87ec40bd697eb51463568,
        type: 3}
      propertyPath: m_LocalEulerAnglesHint.z
      value: 0
      objectReference: {fileID: 0}
    - target: {fileID: 2925680300781658593, guid: 3a7727cbd6f87ec40bd697eb51463568,
        type: 3}
      propertyPath: m_LocalScale.y
      value: 99.99994
      objectReference: {fileID: 0}
    - target: {fileID: 2925680300781658593, guid: 3a7727cbd6f87ec40bd697eb51463568,
        type: 3}
      propertyPath: m_LocalScale.z
      value: 99.99994
      objectReference: {fileID: 0}
    m_RemovedComponents: []
  m_SourcePrefab: {fileID: 100100000, guid: 3a7727cbd6f87ec40bd697eb51463568, type: 3}
--- !u!4 &594405154688130546 stripped
Transform:
  m_CorrespondingSourceObject: {fileID: 2925680300781658593, guid: 3a7727cbd6f87ec40bd697eb51463568,
    type: 3}
  m_PrefabInstance: {fileID: 2352527093149613075}
  m_PrefabAsset: {fileID: 0}
--- !u!1001 &2352527093436977507
PrefabInstance:
  m_ObjectHideFlags: 0
  serializedVersion: 2
  m_Modification:
    m_TransformParent: {fileID: 2352527093616120354}
    m_Modifications:
    - target: {fileID: 4142665998792979969, guid: bf9776d4497bbe643a2fe66e7abba920,
        type: 3}
      propertyPath: m_Name
      value: PRF_Window02 Red Variant
      objectReference: {fileID: 0}
    - target: {fileID: 5000146336573809189, guid: bf9776d4497bbe643a2fe66e7abba920,
        type: 3}
      propertyPath: m_LocalPosition.x
      value: 3.84
      objectReference: {fileID: 0}
    - target: {fileID: 5000146336573809189, guid: bf9776d4497bbe643a2fe66e7abba920,
        type: 3}
      propertyPath: m_LocalPosition.y
      value: 4.393925
      objectReference: {fileID: 0}
    - target: {fileID: 5000146336573809189, guid: bf9776d4497bbe643a2fe66e7abba920,
        type: 3}
      propertyPath: m_LocalPosition.z
      value: 0.41
      objectReference: {fileID: 0}
    - target: {fileID: 5000146336573809189, guid: bf9776d4497bbe643a2fe66e7abba920,
        type: 3}
      propertyPath: m_LocalRotation.x
      value: -0.7071068
      objectReference: {fileID: 0}
    - target: {fileID: 5000146336573809189, guid: bf9776d4497bbe643a2fe66e7abba920,
        type: 3}
      propertyPath: m_LocalRotation.y
      value: -0
      objectReference: {fileID: 0}
    - target: {fileID: 5000146336573809189, guid: bf9776d4497bbe643a2fe66e7abba920,
        type: 3}
      propertyPath: m_LocalRotation.z
      value: -0
      objectReference: {fileID: 0}
    - target: {fileID: 5000146336573809189, guid: bf9776d4497bbe643a2fe66e7abba920,
        type: 3}
      propertyPath: m_LocalRotation.w
      value: 0.7071067
      objectReference: {fileID: 0}
    - target: {fileID: 5000146336573809189, guid: bf9776d4497bbe643a2fe66e7abba920,
        type: 3}
      propertyPath: m_RootOrder
      value: 0
      objectReference: {fileID: 0}
    - target: {fileID: 5000146336573809189, guid: bf9776d4497bbe643a2fe66e7abba920,
        type: 3}
      propertyPath: m_LocalEulerAnglesHint.x
      value: 0
      objectReference: {fileID: 0}
    - target: {fileID: 5000146336573809189, guid: bf9776d4497bbe643a2fe66e7abba920,
        type: 3}
      propertyPath: m_LocalEulerAnglesHint.y
      value: 0
      objectReference: {fileID: 0}
    - target: {fileID: 5000146336573809189, guid: bf9776d4497bbe643a2fe66e7abba920,
        type: 3}
      propertyPath: m_LocalEulerAnglesHint.z
      value: 0
      objectReference: {fileID: 0}
    - target: {fileID: 5000146336573809189, guid: bf9776d4497bbe643a2fe66e7abba920,
        type: 3}
      propertyPath: m_LocalScale.z
      value: 131.70082
      objectReference: {fileID: 0}
    - target: {fileID: 5000146336573809189, guid: bf9776d4497bbe643a2fe66e7abba920,
        type: 3}
      propertyPath: m_LocalScale.x
      value: 133.19855
      objectReference: {fileID: 0}
    - target: {fileID: 5000146336573809189, guid: bf9776d4497bbe643a2fe66e7abba920,
        type: 3}
      propertyPath: m_LocalScale.y
      value: 99.99988
      objectReference: {fileID: 0}
    m_RemovedComponents: []
  m_SourcePrefab: {fileID: 100100000, guid: bf9776d4497bbe643a2fe66e7abba920, type: 3}
--- !u!4 &7332366469217973062 stripped
Transform:
  m_CorrespondingSourceObject: {fileID: 5000146336573809189, guid: bf9776d4497bbe643a2fe66e7abba920,
    type: 3}
  m_PrefabInstance: {fileID: 2352527093436977507}
  m_PrefabAsset: {fileID: 0}
--- !u!1001 &2352527093553199844
PrefabInstance:
  m_ObjectHideFlags: 0
  serializedVersion: 2
  m_Modification:
    m_TransformParent: {fileID: 2352527093616120354}
    m_Modifications:
    - target: {fileID: 7346175954161166577, guid: 3ec85bc79b74f8f4e97392749fc69270,
        type: 3}
      propertyPath: m_Name
      value: MDL_Module03 Pink Variant
      objectReference: {fileID: 0}
    - target: {fileID: 7346175954161166576, guid: 3ec85bc79b74f8f4e97392749fc69270,
        type: 3}
      propertyPath: m_LocalPosition.x
      value: 3.4063408
      objectReference: {fileID: 0}
    - target: {fileID: 7346175954161166576, guid: 3ec85bc79b74f8f4e97392749fc69270,
        type: 3}
      propertyPath: m_LocalPosition.y
      value: 0
      objectReference: {fileID: 0}
    - target: {fileID: 7346175954161166576, guid: 3ec85bc79b74f8f4e97392749fc69270,
        type: 3}
      propertyPath: m_LocalPosition.z
      value: -0.8970001
      objectReference: {fileID: 0}
    - target: {fileID: 7346175954161166576, guid: 3ec85bc79b74f8f4e97392749fc69270,
        type: 3}
      propertyPath: m_LocalRotation.x
      value: -0.7071068
      objectReference: {fileID: 0}
    - target: {fileID: 7346175954161166576, guid: 3ec85bc79b74f8f4e97392749fc69270,
        type: 3}
      propertyPath: m_LocalRotation.y
      value: -0
      objectReference: {fileID: 0}
    - target: {fileID: 7346175954161166576, guid: 3ec85bc79b74f8f4e97392749fc69270,
        type: 3}
      propertyPath: m_LocalRotation.z
      value: -0
      objectReference: {fileID: 0}
    - target: {fileID: 7346175954161166576, guid: 3ec85bc79b74f8f4e97392749fc69270,
        type: 3}
      propertyPath: m_LocalRotation.w
      value: 0.7071067
      objectReference: {fileID: 0}
    - target: {fileID: 7346175954161166576, guid: 3ec85bc79b74f8f4e97392749fc69270,
        type: 3}
      propertyPath: m_RootOrder
      value: 11
      objectReference: {fileID: 0}
    - target: {fileID: 7346175954161166576, guid: 3ec85bc79b74f8f4e97392749fc69270,
        type: 3}
      propertyPath: m_LocalEulerAnglesHint.x
      value: 0
      objectReference: {fileID: 0}
    - target: {fileID: 7346175954161166576, guid: 3ec85bc79b74f8f4e97392749fc69270,
        type: 3}
      propertyPath: m_LocalEulerAnglesHint.y
      value: 0
      objectReference: {fileID: 0}
    - target: {fileID: 7346175954161166576, guid: 3ec85bc79b74f8f4e97392749fc69270,
        type: 3}
      propertyPath: m_LocalEulerAnglesHint.z
      value: 0
      objectReference: {fileID: 0}
    - target: {fileID: 7346175954161166576, guid: 3ec85bc79b74f8f4e97392749fc69270,
        type: 3}
      propertyPath: m_LocalScale.y
      value: 99.99994
      objectReference: {fileID: 0}
    - target: {fileID: 7346175954161166576, guid: 3ec85bc79b74f8f4e97392749fc69270,
        type: 3}
      propertyPath: m_LocalScale.z
      value: 99.99994
      objectReference: {fileID: 0}
    - target: {fileID: 7346175954161166579, guid: 3ec85bc79b74f8f4e97392749fc69270,
        type: 3}
      propertyPath: m_Materials.Array.data[1]
      value: 
      objectReference: {fileID: 2100000, guid: 2aac454a038ac584e91c7b17678da687, type: 2}
    m_RemovedComponents: []
  m_SourcePrefab: {fileID: 100100000, guid: 3ec85bc79b74f8f4e97392749fc69270, type: 3}
--- !u!4 &4996469968090599956 stripped
Transform:
  m_CorrespondingSourceObject: {fileID: 7346175954161166576, guid: 3ec85bc79b74f8f4e97392749fc69270,
    type: 3}
  m_PrefabInstance: {fileID: 2352527093553199844}
  m_PrefabAsset: {fileID: 0}
--- !u!1001 &2352527093605286530
PrefabInstance:
  m_ObjectHideFlags: 0
  serializedVersion: 2
  m_Modification:
    m_TransformParent: {fileID: 2352527093616120354}
    m_Modifications:
    - target: {fileID: 1743783974745496916, guid: 2a71cba10c359604191d92315822c48e,
        type: 3}
      propertyPath: m_Name
      value: MDL_Module05 Pink Variant
      objectReference: {fileID: 0}
    - target: {fileID: 1743783974745496915, guid: 2a71cba10c359604191d92315822c48e,
        type: 3}
      propertyPath: m_LocalPosition.x
      value: 2.616341
      objectReference: {fileID: 0}
    - target: {fileID: 1743783974745496915, guid: 2a71cba10c359604191d92315822c48e,
        type: 3}
      propertyPath: m_LocalPosition.y
      value: 2.51
      objectReference: {fileID: 0}
    - target: {fileID: 1743783974745496915, guid: 2a71cba10c359604191d92315822c48e,
        type: 3}
      propertyPath: m_LocalPosition.z
      value: -0.8970001
      objectReference: {fileID: 0}
    - target: {fileID: 1743783974745496915, guid: 2a71cba10c359604191d92315822c48e,
        type: 3}
      propertyPath: m_LocalRotation.x
      value: -0.7069834
      objectReference: {fileID: 0}
    - target: {fileID: 1743783974745496915, guid: 2a71cba10c359604191d92315822c48e,
        type: 3}
      propertyPath: m_LocalRotation.y
      value: -0
      objectReference: {fileID: 0}
    - target: {fileID: 1743783974745496915, guid: 2a71cba10c359604191d92315822c48e,
        type: 3}
      propertyPath: m_LocalRotation.z
      value: -0
      objectReference: {fileID: 0}
    - target: {fileID: 1743783974745496915, guid: 2a71cba10c359604191d92315822c48e,
        type: 3}
      propertyPath: m_LocalRotation.w
      value: 0.7072302
      objectReference: {fileID: 0}
    - target: {fileID: 1743783974745496915, guid: 2a71cba10c359604191d92315822c48e,
        type: 3}
      propertyPath: m_RootOrder
      value: 9
      objectReference: {fileID: 0}
    - target: {fileID: 1743783974745496915, guid: 2a71cba10c359604191d92315822c48e,
        type: 3}
      propertyPath: m_LocalEulerAnglesHint.x
      value: -89.98
      objectReference: {fileID: 0}
    - target: {fileID: 1743783974745496915, guid: 2a71cba10c359604191d92315822c48e,
        type: 3}
      propertyPath: m_LocalEulerAnglesHint.y
      value: 0
      objectReference: {fileID: 0}
    - target: {fileID: 1743783974745496915, guid: 2a71cba10c359604191d92315822c48e,
        type: 3}
      propertyPath: m_LocalEulerAnglesHint.z
      value: 0
      objectReference: {fileID: 0}
    - target: {fileID: 1743783974745496915, guid: 2a71cba10c359604191d92315822c48e,
        type: 3}
      propertyPath: m_LocalScale.z
      value: 93.14802
      objectReference: {fileID: 0}
    - target: {fileID: 1743783974745496915, guid: 2a71cba10c359604191d92315822c48e,
        type: 3}
      propertyPath: m_LocalScale.y
      value: 100.00003
      objectReference: {fileID: 0}
    - target: {fileID: 1743783974745496914, guid: 2a71cba10c359604191d92315822c48e,
        type: 3}
      propertyPath: m_Materials.Array.data[1]
      value: 
      objectReference: {fileID: 2100000, guid: 2aac454a038ac584e91c7b17678da687, type: 2}
    m_RemovedComponents: []
  m_SourcePrefab: {fileID: 100100000, guid: 2a71cba10c359604191d92315822c48e, type: 3}
--- !u!4 &4077711101161775057 stripped
Transform:
  m_CorrespondingSourceObject: {fileID: 1743783974745496915, guid: 2a71cba10c359604191d92315822c48e,
    type: 3}
  m_PrefabInstance: {fileID: 2352527093605286530}
  m_PrefabAsset: {fileID: 0}
--- !u!1001 &2352527093623000455
PrefabInstance:
  m_ObjectHideFlags: 0
  serializedVersion: 2
  m_Modification:
    m_TransformParent: {fileID: 2352527093616120354}
    m_Modifications:
    - target: {fileID: 4142665998792979969, guid: bf9776d4497bbe643a2fe66e7abba920,
        type: 3}
      propertyPath: m_Name
      value: PRF_Window02 Red Variant
      objectReference: {fileID: 0}
    - target: {fileID: 5000146336573809189, guid: bf9776d4497bbe643a2fe66e7abba920,
        type: 3}
      propertyPath: m_LocalPosition.x
      value: -0.57494307
      objectReference: {fileID: 0}
    - target: {fileID: 5000146336573809189, guid: bf9776d4497bbe643a2fe66e7abba920,
        type: 3}
      propertyPath: m_LocalPosition.y
      value: 1.150464
      objectReference: {fileID: 0}
    - target: {fileID: 5000146336573809189, guid: bf9776d4497bbe643a2fe66e7abba920,
        type: 3}
      propertyPath: m_LocalPosition.z
      value: 3.2669997
      objectReference: {fileID: 0}
    - target: {fileID: 5000146336573809189, guid: bf9776d4497bbe643a2fe66e7abba920,
        type: 3}
      propertyPath: m_LocalRotation.x
      value: -0.7071068
      objectReference: {fileID: 0}
    - target: {fileID: 5000146336573809189, guid: bf9776d4497bbe643a2fe66e7abba920,
        type: 3}
      propertyPath: m_LocalRotation.y
      value: -0
      objectReference: {fileID: 0}
    - target: {fileID: 5000146336573809189, guid: bf9776d4497bbe643a2fe66e7abba920,
        type: 3}
      propertyPath: m_LocalRotation.z
      value: -0
      objectReference: {fileID: 0}
    - target: {fileID: 5000146336573809189, guid: bf9776d4497bbe643a2fe66e7abba920,
        type: 3}
      propertyPath: m_LocalRotation.w
      value: 0.7071067
      objectReference: {fileID: 0}
    - target: {fileID: 5000146336573809189, guid: bf9776d4497bbe643a2fe66e7abba920,
        type: 3}
      propertyPath: m_RootOrder
      value: 12
      objectReference: {fileID: 0}
    - target: {fileID: 5000146336573809189, guid: bf9776d4497bbe643a2fe66e7abba920,
        type: 3}
      propertyPath: m_LocalEulerAnglesHint.x
      value: 0
      objectReference: {fileID: 0}
    - target: {fileID: 5000146336573809189, guid: bf9776d4497bbe643a2fe66e7abba920,
        type: 3}
      propertyPath: m_LocalEulerAnglesHint.y
      value: 0
      objectReference: {fileID: 0}
    - target: {fileID: 5000146336573809189, guid: bf9776d4497bbe643a2fe66e7abba920,
        type: 3}
      propertyPath: m_LocalEulerAnglesHint.z
      value: 0
      objectReference: {fileID: 0}
    - target: {fileID: 5000146336573809189, guid: bf9776d4497bbe643a2fe66e7abba920,
        type: 3}
      propertyPath: m_LocalScale.y
      value: 99.99988
      objectReference: {fileID: 0}
    - target: {fileID: 5000146336573809189, guid: bf9776d4497bbe643a2fe66e7abba920,
        type: 3}
      propertyPath: m_LocalScale.z
      value: 124.639854
      objectReference: {fileID: 0}
    - target: {fileID: 5000146336573809189, guid: bf9776d4497bbe643a2fe66e7abba920,
        type: 3}
      propertyPath: m_LocalScale.x
      value: 120.4
      objectReference: {fileID: 0}
    m_RemovedComponents: []
  m_SourcePrefab: {fileID: 100100000, guid: bf9776d4497bbe643a2fe66e7abba920, type: 3}
--- !u!4 &7332366469131562914 stripped
Transform:
  m_CorrespondingSourceObject: {fileID: 5000146336573809189, guid: bf9776d4497bbe643a2fe66e7abba920,
    type: 3}
  m_PrefabInstance: {fileID: 2352527093623000455}
  m_PrefabAsset: {fileID: 0}
--- !u!1001 &2352527093797401493
PrefabInstance:
  m_ObjectHideFlags: 0
  serializedVersion: 2
  m_Modification:
    m_TransformParent: {fileID: 2352527093616120354}
    m_Modifications:
    - target: {fileID: 8704444715292711278, guid: 241572c35d42554459790f35284833da,
        type: 3}
      propertyPath: m_Name
      value: PRF_DoorEdge01 Red Variant
      objectReference: {fileID: 0}
    - target: {fileID: 4255217925075603189, guid: 241572c35d42554459790f35284833da,
        type: 3}
      propertyPath: m_LocalPosition.x
      value: 5.0383406
      objectReference: {fileID: 0}
    - target: {fileID: 4255217925075603189, guid: 241572c35d42554459790f35284833da,
        type: 3}
      propertyPath: m_LocalPosition.y
      value: 0
      objectReference: {fileID: 0}
    - target: {fileID: 4255217925075603189, guid: 241572c35d42554459790f35284833da,
        type: 3}
      propertyPath: m_LocalPosition.z
      value: 0.98999995
      objectReference: {fileID: 0}
    - target: {fileID: 4255217925075603189, guid: 241572c35d42554459790f35284833da,
        type: 3}
      propertyPath: m_LocalRotation.x
      value: -0.7071068
      objectReference: {fileID: 0}
    - target: {fileID: 4255217925075603189, guid: 241572c35d42554459790f35284833da,
        type: 3}
      propertyPath: m_LocalRotation.y
      value: -0
      objectReference: {fileID: 0}
    - target: {fileID: 4255217925075603189, guid: 241572c35d42554459790f35284833da,
        type: 3}
      propertyPath: m_LocalRotation.z
      value: -0
      objectReference: {fileID: 0}
    - target: {fileID: 4255217925075603189, guid: 241572c35d42554459790f35284833da,
        type: 3}
      propertyPath: m_LocalRotation.w
      value: 0.7071067
      objectReference: {fileID: 0}
    - target: {fileID: 4255217925075603189, guid: 241572c35d42554459790f35284833da,
        type: 3}
      propertyPath: m_RootOrder
      value: 7
      objectReference: {fileID: 0}
    - target: {fileID: 4255217925075603189, guid: 241572c35d42554459790f35284833da,
        type: 3}
      propertyPath: m_LocalEulerAnglesHint.x
      value: 0
      objectReference: {fileID: 0}
    - target: {fileID: 4255217925075603189, guid: 241572c35d42554459790f35284833da,
        type: 3}
      propertyPath: m_LocalEulerAnglesHint.y
      value: 0
      objectReference: {fileID: 0}
    - target: {fileID: 4255217925075603189, guid: 241572c35d42554459790f35284833da,
        type: 3}
      propertyPath: m_LocalEulerAnglesHint.z
      value: 0
      objectReference: {fileID: 0}
    - target: {fileID: 4255217925075603189, guid: 241572c35d42554459790f35284833da,
        type: 3}
      propertyPath: m_LocalScale.y
      value: 99.99994
      objectReference: {fileID: 0}
    - target: {fileID: 4255217925075603189, guid: 241572c35d42554459790f35284833da,
        type: 3}
      propertyPath: m_LocalScale.z
      value: 99.99994
      objectReference: {fileID: 0}
    m_RemovedComponents: []
  m_SourcePrefab: {fileID: 100100000, guid: 241572c35d42554459790f35284833da, type: 3}
--- !u!4 &1992922846397414752 stripped
Transform:
  m_CorrespondingSourceObject: {fileID: 4255217925075603189, guid: 241572c35d42554459790f35284833da,
    type: 3}
  m_PrefabInstance: {fileID: 2352527093797401493}
  m_PrefabAsset: {fileID: 0}
--- !u!1001 &2352527093816991516
PrefabInstance:
  m_ObjectHideFlags: 0
  serializedVersion: 2
  m_Modification:
    m_TransformParent: {fileID: 2352527093616120354}
    m_Modifications:
    - target: {fileID: 6801520436063117642, guid: 8bdf662fff82a6e4fa4c0a38ceab4789,
        type: 3}
      propertyPath: m_Name
      value: MDL_Module04 Pink Variant
      objectReference: {fileID: 0}
    - target: {fileID: 6801520436063117643, guid: 8bdf662fff82a6e4fa4c0a38ceab4789,
        type: 3}
      propertyPath: m_LocalPosition.x
      value: -0.823659
      objectReference: {fileID: 0}
    - target: {fileID: 6801520436063117643, guid: 8bdf662fff82a6e4fa4c0a38ceab4789,
        type: 3}
      propertyPath: m_LocalPosition.y
      value: 3.1
      objectReference: {fileID: 0}
    - target: {fileID: 6801520436063117643, guid: 8bdf662fff82a6e4fa4c0a38ceab4789,
        type: 3}
      propertyPath: m_LocalPosition.z
      value: 0.082999945
      objectReference: {fileID: 0}
    - target: {fileID: 6801520436063117643, guid: 8bdf662fff82a6e4fa4c0a38ceab4789,
        type: 3}
      propertyPath: m_LocalRotation.x
      value: -0.7071068
      objectReference: {fileID: 0}
    - target: {fileID: 6801520436063117643, guid: 8bdf662fff82a6e4fa4c0a38ceab4789,
        type: 3}
      propertyPath: m_LocalRotation.y
      value: -0
      objectReference: {fileID: 0}
    - target: {fileID: 6801520436063117643, guid: 8bdf662fff82a6e4fa4c0a38ceab4789,
        type: 3}
      propertyPath: m_LocalRotation.z
      value: -0
      objectReference: {fileID: 0}
    - target: {fileID: 6801520436063117643, guid: 8bdf662fff82a6e4fa4c0a38ceab4789,
        type: 3}
      propertyPath: m_LocalRotation.w
      value: 0.7071067
      objectReference: {fileID: 0}
    - target: {fileID: 6801520436063117643, guid: 8bdf662fff82a6e4fa4c0a38ceab4789,
        type: 3}
      propertyPath: m_RootOrder
      value: 8
      objectReference: {fileID: 0}
    - target: {fileID: 6801520436063117643, guid: 8bdf662fff82a6e4fa4c0a38ceab4789,
        type: 3}
      propertyPath: m_LocalEulerAnglesHint.x
      value: 0
      objectReference: {fileID: 0}
    - target: {fileID: 6801520436063117643, guid: 8bdf662fff82a6e4fa4c0a38ceab4789,
        type: 3}
      propertyPath: m_LocalEulerAnglesHint.y
      value: 0
      objectReference: {fileID: 0}
    - target: {fileID: 6801520436063117643, guid: 8bdf662fff82a6e4fa4c0a38ceab4789,
        type: 3}
      propertyPath: m_LocalEulerAnglesHint.z
      value: 0
      objectReference: {fileID: 0}
    - target: {fileID: 6801520436063117643, guid: 8bdf662fff82a6e4fa4c0a38ceab4789,
        type: 3}
      propertyPath: m_LocalScale.y
      value: 127.26697
      objectReference: {fileID: 0}
    - target: {fileID: 6801520436063117643, guid: 8bdf662fff82a6e4fa4c0a38ceab4789,
        type: 3}
      propertyPath: m_LocalScale.x
      value: 82.168
      objectReference: {fileID: 0}
    - target: {fileID: 6801520436063117643, guid: 8bdf662fff82a6e4fa4c0a38ceab4789,
        type: 3}
      propertyPath: m_LocalScale.z
      value: 99.99994
      objectReference: {fileID: 0}
    - target: {fileID: 6801520436063117640, guid: 8bdf662fff82a6e4fa4c0a38ceab4789,
        type: 3}
      propertyPath: m_Materials.Array.data[1]
      value: 
      objectReference: {fileID: 2100000, guid: 2aac454a038ac584e91c7b17678da687, type: 2}
    m_RemovedComponents: []
  m_SourcePrefab: {fileID: 100100000, guid: 8bdf662fff82a6e4fa4c0a38ceab4789, type: 3}
--- !u!4 &9134989038106426967 stripped
Transform:
  m_CorrespondingSourceObject: {fileID: 6801520436063117643, guid: 8bdf662fff82a6e4fa4c0a38ceab4789,
    type: 3}
  m_PrefabInstance: {fileID: 2352527093816991516}
  m_PrefabAsset: {fileID: 0}
